@incollection{elmqvist2011distributed,
  title={Distributed user interfaces: State of the art},
  author={Elmqvist, Niklas},
  booktitle={Distributed User Interfaces},
  pages={1--12},
  year={2011},
  publisher={Springer}
}
@inproceedings{melchior2011distributed,
  title={Distributed user interfaces in space and time},
  author={Melchior, J{\'e}r{\'e}mie},
  booktitle={Proceedings of the 3rd ACM SIGCHI symposium on Engineering interactive computing systems},
  pages={311--314},
  year={2011},
  organization={ACM} 
}
@article{vanderdonckt2010distributed,
  title={Distributed user interfaces: how to distribute user interface elements across users, platforms, and environments},
  author={Vanderdonckt, Jean and others},
  journal={Proc. of XI Interacci{\'o}n},
  volume={20},
  year={2010}
}
@inproceedings{demeure20084c,
  title={The 4C reference model for distributed user interfaces},
  author={Demeure, Alexandre and Sottet, Jean-S{\'e}bastien and Calvary, Ga{\"e}lle and Coutaz, Jo{\"e}lle and Ganneau, Vincent and Vanderdonckt, Jean},
  booktitle={Autonomic and Autonomous Systems, 2008. ICAS 2008. Fourth International Conference on},
  pages={61--69},
  year={2008},
  organization={IEEE}
}
@article{manca2011distributing,
  title={Distributing user interfaces with MARIA},
  author={Manca, Marco and Patern{\`o}, Fabio},
  journal={DUI 2011},
  pages={93--96},
  year={2011}
}
@article{kaviani2011dual,
  title={Dual Displays: towards an interaction model and associated design guidelines.},
  author={Kaviani, Nima and Finke, Matthias and Lea, Rodger and Fels, Sidney},
  journal={DUI 2011},
  pages={69},
  year={2011}
}
@inproceedings{lopez2011formal,
  title={A Formal View of Distributed User Interfaces},
  author={L{\`o}pez-Espin, JJ and Gallud, JA and Lazcorreta, E and Pe{\~n}alver, A and Botella, F},
  booktitle={Distributed User Interfaces CHI 2011 Workshop, University of Castilla-La Mancha, Spain},
  pages={97--100},
  year={2011}
}
@inproceedings{blumendorf2011distributed,
  title={Distributed User Interfaces for Smart Environments: Characteristics and Challenges},
  author={Blumendorf, Marco and Roscher, Dirk and Albayrak, Sahin},
  booktitle={Distributed User Interfaces CHI 2011 Workshop, University of Castilla-La Mancha, Spain},
  pages={25--28},
  year={2011}
}
@article{froberg2011model,
  title={A Model for DUI Development},
  author={Fr{\"o}berg, Anders and Eriksson, Henrik and Berglund, Erik},
  journal={DUI 2011},
  pages={49--52},
  year={2011}
}
@incollection{melchior2011distribution,
  title={Distribution Primitives for Distributed User Interfaces},
  author={Melchior, J{\'e}r{\'e}mie and Vanderdonckt, Jean and Van Roy, Peter},
  booktitle={Distributed User Interfaces},
  pages={23--31},
  year={2011},
  publisher={Springer}
}
@book{seifried2011lessons,
  title={Lessons learned from the design and implementation of distributed post-WIMP user interfaces},
  author={Seifried, Thomas and Jetter, Hans-Christian and Haller, Michael and Reiterer, Harald},
  year={2011},
  publisher={Springer}
}
@article{chen2011distributed,
  title={Distributed User Interface for a Multi-Tablet Active Reading System},
  author={Chen, Nicholas and Guimbretiere, Francois and Sellen, Abigail},
  journal={DUI 2011},
  pages={73},
  year={2011}
}
@article{fisherdesigning,
  title={Designing the Distributed User Interface: Case Studies on Building Distributed Applications},
  author={Fisher, Eli Raymond and Badam, Sriram Karthik and Elmqvist, Niklas}
}
@article{melchior69toolkit,
  title={A Toolkit for Peer-to-Peer Distributed User Interfaces: Concepts},
  author={Melchior, J and Grolaux, D and Vanderdonckt, J and Van Roy, P},
  journal={Implementation, and Applications},
  volume={69},
  pages={15--17}
}
@article{jetter2012design,
  title={Design and implementation of post-WIMP distributed user interfaces with ZOIL},
  author={Jetter, Hans-Christian and Z{\"o}llner, Michael and Gerken, Jens and Reiterer, Harald},
  journal={International Journal of Human-Computer Interaction},
  volume={28},
  number={11},
  pages={737--747},
  year={2012},
  publisher={Taylor \& Francis}
}
@article{luyten2006designing,
  title={Designing distributed user interfaces for ambient intelligent environments using models and simulations},
  author={Luyten, Kris and Van den Bergh, Jan and Vandervelpen, Chris and Coninx, Karin},
  journal={Computers \& Graphics},
  volume={30},
  number={5},
  pages={702--713},
  year={2006},
  publisher={Elsevier}
}
@inproceedings{bandelloni2004flexible,
  title={Flexible interface migration},
  author={Bandelloni, Renata and Patern{\`o}, Fabio},
  booktitle={Proceedings of the 9th international conference on Intelligent user interfaces},
  pages={148--155},
  year={2004},
  organization={ACM}
}
@article{mori2004design,
  title={Design and development of multidevice user interfaces through multiple logical descriptions},
  author={Mori, Giulio and Paterno, Fabio and Santoro, Carmen},
  journal={Software Engineering, IEEE Transactions on},
  volume={30},
  number={8},
  pages={507--520},
  year={2004},
  publisher={IEEE}
}
@inproceedings{thevenin1999plasticity,
  title={Plasticity of user interfaces: Framework and research agenda},
  author={Thevenin, David and Coutaz, Jo{\"e}lle},
  booktitle={Proceedings of INTERACT},
  volume={99},
  pages={110--117},
  year={1999}
}
@incollection{balme2004cameleon,
  title={Cameleon-rt: A software architecture reference model for distributed, migratable, and plastic user interfaces},
  author={Balme, Lionel and Demeure, Alexandre and Barralon, Nicolas and Coutaz, Jo{\"e}lle and Calvary, Gaelle},
  booktitle={Ambient intelligence},
  pages={291--302},
  year={2004},
  publisher={Springer}
}
@inproceedings{coutaz2003software,
  title={Software infrastructure for distributed migratable user interfaces},
  author={Coutaz, Jo{\"e}lle and Balme, Lionel and Lachenal, Christophe and Barralon, Nicolas},
  booktitle={Proc. of UbiHCISys Workshop on UbiComp},
  volume={2003},
  year={2003},
  organization={Citeseer}
}
@inproceedings{graham1996efficient,
  title={Efficient distributed implementation of semi-replicated synchronous groupware},
  author={Graham, TC and Urnes, Tore and Nejabi, Roy},
  booktitle={Proceedings of the 9th annual ACM symposium on User interface software and technology},
  pages={1--10},
  year={1996},
  organization={ACM}
}
@inproceedings{vandervelpen2004towards,
  title={Towards model-based design support for distributed user interfaces},
  author={Vandervelpen, Chris and Coninx, Karin},
  booktitle={Proceedings of the third Nordic conference on Human-computer interaction},
  pages={61--70},
  year={2004},
  organization={ACM}
}
@inproceedings{luyten2005distributed,
  title={Distributed user interface elements to support smart interaction spaces},
  author={Luyten, Kris and Coninx, Karin},
  booktitle={Multimedia, Seventh IEEE International Symposium on},
  pages={8--pp},
  year={2005},
  organization={IEEE}
}
@inproceedings{klokmose2009vigo,
  title={VIGO: instrumental interaction in multi-surface environments},
  author={Klokmose, Clemens Nylandsted and Beaudouin-Lafon, Michel},
  booktitle={Proceedings of the SIGCHI Conference on Human Factors in Computing Systems},
  pages={869--878},
  year={2009},
  organization={ACM}
}
@inproceedings{beale2007multiple,
  title={Multiple carets, multiple screens and multi-tasking: new behaviours with multiple computers},
  author={Beale, Russell and Edmondson, William},
  booktitle={Proceedings of the 21st British HCI Group Annual Conference on People and Computers: HCI... but not as we know it-Volume 1},
  pages={55--64},
  year={2007},
  organization={British Computer Society}
}
@inproceedings{tan2003effects,
  title={Effects of visual separation and physical discontinuities when distributing information across multiple displays},
  author={Tan, Desney S and Czerwinski, Mary},
  booktitle={Proc. Interact},
  volume={3},
  pages={252--255},
  year={2003}
}
@inproceedings{woerndl2012combining,
  title={Combining decentralized collaborative filtering on PDAs with multi-touch tabletops for group recommendation},
  author={Woerndl, Wolfgang and Friess, Marc Ren{\'e}},
  booktitle={Collaboration Technologies and Systems (CTS), 2012 International Conference on},
  pages={591--595},
  year={2012},
  organization={IEEE}
}
@article{worndlvoting,
  title={Voting Operations for a Group Recommender System in a Distributed User Interface Environment},
  author={W{\"o}rndl, Wolfgang and Saelim, Part}
}
@article{kim2015scientometric,
  title={A scientometric review of emerging trends and new developments in recommendation systems},
  author={Kim, Meen Chul and Chen, Chaomei},
  journal={Scientometrics},
  pages={1--25},
  year={2015},
  publisher={Springer}
}

@inproceedings{ballagas2003istuff,
  title={iStuff: a physical user interface toolkit for ubiquitous computing environments},
  author={Ballagas, Rafael and Ringel, Meredith and Stone, Maureen and Borchers, Jan},
  booktitle={Proceedings of the SIGCHI conference on Human factors in computing systems},
  pages={537--544},
  year={2003},
  organization={ACM}
}


@incollection{kohtake2005u,
  title={u-Texture: self-organizable universal panels for creating smart surroundings},
  author={Kohtake, Naohiko and Ohsawa, Ryo and Yonezawa, Takuro and Matsukura, Yuki and Iwai, Masayuki and Takashio, Kazunori and Tokuda, Hideyuki},
  booktitle={UbiComp 2005: Ubiquitous Computing},
  pages={19--36},
  year={2005},
  publisher={Springer}
}


@inproceedings{modahl2004mediabroker,
  title={Mediabroker: An architecture for pervasive computing},
  author={Modahl, Martin and Bagrak, Ilya and Wolenetz, Matthew and Hutto, Phillip and Ramachandran, Umakishore},
  booktitle={Pervasive Computing and Communications, 2004. PerCom 2004. Proceedings of the Second IEEE Annual Conference on},
  pages={253--262},
  year={2004},
  organization={IEEE}
}


@article{roman2002middleware,
  title={A middleware infrastructure for active spaces},
  author={Rom{\'a}n, Manuel and Hess, Christopher and Cerqueira, Renato and Ranganathan, Anand and Campbell, Roy H and Nahrstedt, Klara},
  journal={IEEE pervasive computing},
  volume={1},
  number={4},
  pages={74--83},
  year={2002}
}


@incollection{sousa2002aura,
  title={Aura: an architectural framework for user mobility in ubiquitous computing environments},
  author={Sousa, Jo{\~a}o Pedro and Garlan, David},
  booktitle={Software Architecture},
  pages={29--43},
  year={2002},
  publisher={Springer}
}

@inproceedings{tandler2001connectables,
  title={Connectables: dynamic coupling of displays for the flexible creation of shared workspaces},
  author={Tandler, Peter and Prante, Thorsten and M{\"u}ller-Tomfelde, Christian and Streitz, Norbert and Steinmetz, Ralf},
  booktitle={Proceedings of the 14th annual ACM symposium on User interface software and technology},
  pages={11--20},
  year={2001},
  organization={ACM}
}


@inproceedings{grolaux2004migratable,
  title={Migratable user interfaces: Beyond migratory interfaces},
  author={Grolaux, Donatien and Van Roy, Peter and Vanderdonckt, Jean},
  booktitle={Mobile and Ubiquitous Systems: Networking and Services, 2004. MOBIQUITOUS 2004. The First Annual International Conference on},
  pages={422--430},
  year={2004},
  organization={IEEE}
}


@inproceedings{guimbretiere2001fluid,
  title={Fluid interaction with high-resolution wall-size displays},
  author={Guimbreti{\`e}re, Fran{\c{c}}ois and Stone, Maureen and Winograd, Terry},
  booktitle={Proceedings of the 14th annual ACM symposium on User interface software and technology},
  pages={21--30},
  year={2001},
  organization={ACM}
}


@inproceedings{streitz1999land,
  title={i-LAND: an interactive landscape for creativity and innovation},
  author={Streitz, Norbert A and Gei{\ss}ler, J{\"o}rg and Holmer, Torsten and Konomi, Shin'ichi and M{\"u}ller-Tomfelde, Christian and Reischl, Wolfgang and Rexroth, Petra and Seitz, Peter and Steinmetz, Ralf},
  booktitle={Proceedings of the SIGCHI conference on Human Factors in Computing Systems},
  pages={120--127},
  year={1999},
  organization={ACM}
}

@book{radle2013twistersearch,
  title={TwisterSearch: A distributed user interface for collaborative Web search},
  author={R{\"a}dle, Roman and Jetter, Hans-Christian and Reiterer, Harald},
  year={2013},
  publisher={Springer}
}

@book{kantor2011recommender,
  title={Recommender systems handbook},
  author={Kantor, Paul B and Rokach, Lior and Ricci, Francesco and Shapira, Bracha},
  year={2011},
  publisher={Springer}
}

@book{laugwitz2008construction,
  title={Construction and evaluation of a user experience questionnaire},
  author={Laugwitz, Bettina and Held, Theo and Schrepp, Martin},
  year={2008},
  publisher={Springer}
}

@online{UEQHandbook,
  author = {Schrepp, Martin},
  title = {User experience questionnaire handbook},
  year = 2015,
  url = {http://www.ueq-online.org},
  urldate = {2015-10-19}
}
